
% 1998/08/12  Jonathan Baker 
% Renamed to apj-jour.bib.  Modified to use the journal commands (such
% as ""Astrophys. J."") from the AASTeX v.4 macros.

% $Log: apj-jour.bib,v $
% Revision 1.2  1998/08/30 22:35:44  jbaker
% Added RCS keywords.
%

% Copyright (C) 1990 Sake J. Hogeveen.

% This is MNEMONIC.BIB, a bibliography database file that provides mnemonics
% for journal names, which can be used in the `journal' field of bibliography
% entries in databases for BibTeX.
% The abbreviations of the journal names in this file follow the rules of
% the International List of Periodical Title Word Abbreviations.
% From: Astronomy and Astrophysics Abstracts, 1990, Vol. 49A

% Copyright Notice:
% The files ASTRON.BST, ASTRON.STY, ASTDOC.TEX, ASTDOC.BIB, EXAMPLE.TEX,
% EXAMPLE.BIB, MNEMONIC.BIB, and TEMPLATE.BIB are a package.
% You may copy and distribute them freely for non-commercial purposes,
% provided that you keep the package together and this copyright notice
% in tact.
% You may not alter or modify the files; this helps to ensure that all
% distributions of ASTRON.BST and related files are the same.
% If you make any modifications, then you must give the files new names,
% other than the present.
% The author bears no responsibilities for errors in this document or
% the software it describes; and shall not be held liable for any indirect,
% incidental, or consequential damages.

@STRING{aao = "AAO Newsl."}
@STRING{aavso = "AAVSO Newsl."}
@STRING{acta = "Acta Astron."}
@STRING{aaguv = "Acta Astron. Geophys. Univ. Comenianae"}
@STRING{actastsin = "Acta Astron. Sin."}
@STRING{actapsin = "Acta Astrophys. Sin."}
@STRING{agg = "Acta Geod. Geophys."}
@STRING{ags = "Acta Geophys. Sin."}
@STRING{appsb = "Acta Phys. Pol., Ser. B"}
@STRING{atash = "Acta Tech. Acad. Sci. Hung."}
@STRING{advp = "Adv. Phys."}
@STRING{advsr = "Adv. Space Res."}
@STRING{aip = "AIP Conf. Proc."}
@STRING{aavsob = "Am. Assoc. Variable Star Obs. Bull."}
@STRING{aavsoc = "Am. Assoc. Variable Star Obs. Circ."}
@STRING{amjp = "Am. J. Phys."}
@STRING{aatar = "Anglo--Aust. Telesc., Annu. Rep."}
@STRING{ag = "Ann. Geophys."}
@STRING{araa = ""Ann. Rev. Astron. Astrophys.""} % "Ann. Rev. Astron. Astrophys."
@STRING{apl = "Ann. Phys. (Leipzig)"}
@STRING{apny = "Ann. Phys. (N.Y.)"}
@STRING{app = "Ann. Phys. (Paris)"}
@STRING{ao = "\ao"} % "Appl. Opt."
@STRING{appl = "Appl. Phys. Lett."}
@STRING{apb = "Appl. Phys., B"}
@STRING{as = "Appl. Spectrosc."}
@STRING{ahes = "Arch. Hist. Exact Sci."}
@STRING{archuk = "Archeoastronomy (U.K.)"}
@STRING{asbts = "Archenhold--Sternw. Berlin--Treptow, Sonderdr."}
@STRING{asbtvs = "Archenhold--Sternw. Berlin--Treptow, Vortr. Schr."}
@STRING{aonaicnl = "Arecibo Obs./NAIC, Newsl."}
@STRING{artsat = "Artif. Satell."}
@STRING{aiisao = "Astrofiz. Issled. Izv. Spets. Astrofiz. Obs."}
@STRING{af = "Astrofizika"}
@STRING{aa = "\aap"} % "Astron. Astrophys."
@STRING{aar = "\aapr"} % "Astron. Astrophys. Rev."
@STRING{aas = ""Astron. Astrophys. Suppl. Ser.""} % "Astron. Astrophys. Suppl. Ser."
@STRING{abco = "Astron. Bull. (Carter Obs.)"}
@STRING{agas = "Astron. Ges., Abstr. Ser."}
@STRING{asther = "Astron. Her."}
@STRING{aiubc = "Astron. Inst. Univ. Brno, Contrib."}
@STRING{astj = " "Astron. J.""} % "Astron. J."
@STRING{an = "Astron. Nachr."}
@STRING{astnow = "Astron. Now"}
@STRING{astraum = "Astron. Raumfahrt"}
@STRING{astriha = "Astron. Rechen-Inst.Heidelb., Mitt., Ser. A"}
@STRING{astrihb = "Astron. Rechen-Inst.Heidelb., Mitt., Ser. B"}
@STRING{astschu = "Astron. Sch."}
@STRING{asttid = "Astron. Tidsskr."}
@STRING{asttsir = "Astron. Tsirk."}
@STRING{astvest = "Astron. Vestn."}
@STRING{astzh = "\azh"} % "Astron. Zh."
@STRING{astuai = "Astronomia UAI"}
@STRING{astie = "Astronomie"}
@STRING{asty = "Astronomy"}
@STRING{apj = ""Astrophys. J.""} % "Astrophys. J."
@STRING{apjl = " "Astrophys. J., Lett.""} % "Astrophys. J., Lett."
@STRING{apjss = " "Astrophys. J., Suppl. Ser.""} % "Astrophys. J., Suppl. Ser."
@STRING{aplc = "\aplett"} % "Astrophys. Lett. Commun."
@STRING{apspr = "\apspr"} % "Astrophys. Space. Phys. Res."
@STRING{apss = "\apss"} % "Astrophys. Space. Sci."
@STRING{ap = "Astrophysics"}
@STRING{aanlsor = "Atti Accad. Naz. Lincei, Ser. Ottava, Rend."}
@STRING{ajast = "Aust. J. Astron."}
@STRING{ajp = "Aust. J. Phys."}
@STRING{bavm = "BAV Mitt."}
@STRING{bavr = "BAV Rundbrief"}
@STRING{bbsag = "BBSAG Bull."}
@STRING{bestarnl = "Be Star Newsl."}
@STRING{bildw = "Bild Wiss."}
@STRING{bipm = "BIPM Circ. T"}
@STRING{boaumkt = "Biul. Obs. Astron. Uniw. M. Kopernika Toruniu"}
@STRING{boe = "Bol. Obs. Ebro"}
@STRING{broa = "Bol. ROA"}
@STRING{blm = "Boundary-Layer Meteorol."}
@STRING{boop = "Boyden Obs., Occas. Publ."}
@STRING{bastac = "Br. Astron. Assoc. Circ."}
@STRING{bjp = "Bulg. J. Phys."}
@STRING{baas = "\baas"} % "Bull. Am. Astron. Soc."
@STRING{baps = "Bull. Am. Phys. Soc."}
@STRING{bafoev = "Bull. Assoc. Fr. Obs. Etoiles Variables"}
@STRING{bastic = "Bull. Astron. Inst. Czech."}
@STRING{basi = "Bull. Astron. Soc. India"}
@STRING{bain = "\bain"} % "Bull. Astron. Inst. Netherlands"
@STRING{bcao = "Bull. Crimean Astrophys. Obs."}
@STRING{bgsi = "Bull. Geogr. Surv. Inst."}
@STRING{bicds = "Bull. Inf. Cent. Donn\'ees Stellaires"}
@STRING{boab = "Bull. Obs. Astron. Belgr."}
@STRING{crassgvs = "C. R. Acad. Sci., S\'er. G\'en., Vie Sci."}
@STRING{crassii = "C. R. Acad. Sci., II"}
@STRING{cjp = "Can. J. Phys."}
@STRING{cm = "Celest. Mech."}
@STRING{cassos = "Cent. Astron. Sci. Spat., Obs. Sol."}
@STRING{cent = "Centaurus"}
@STRING{cpl = "Chem. Phys. Lett."}
@STRING{chinaa = "Chin. Astron. Astrophys."}
@STRING{chinp = "Chin. Phys."}
@STRING{chinpl = "Chin. Phys. Lett."}
@STRING{ciel = "Ciel"}
@STRING{cielt = "Ciel Terre"}
@STRING{ccotl = "Circ. Czech. Obs. Time Lattiude"}
@STRING{cinf = "Circ. Inf."}
@STRING{ctls = "Circ. Time Latitude Serv."}
@STRING{cqg = "Classical Quantum Gravity"}
@STRING{cast = "Comments Astrophys."}
@STRING{cnpp = "Comments Nucl. Part. Phys."}
@STRING{cppcf = "Comments Plasma Phys. Controlled Fusion"}
@STRING{cfsua = "Commun. Fac. Sci. Univ. Ankara, Ser. A2, A3"}
@STRING{cko = "Commun. Konkoly Obs."}
@STRING{cmp = "Commun. Math. Phys."}
@STRING{culo = "Commun. Univ. Lond. Obs."}
@STRING{comp = "Comput. Phys."}
@STRING{compcom = "Comput. Phys. Commun."}
@STRING{cp = "Contemp. Phys."}
@STRING{caosp = "Contrib. Astron. Obs. Skalnat\'e Pleso"}
@STRING{cap = "Contrib. Atmos. Phys."}
@STRING{cdaut = "Contrib. Dep. Astron., Univ. Tokyo"}
@STRING{clo = "Contrib. Lick Obs."}
@STRING{cncopb = "Contrib. Nicholas Copernicus Obs. Planetarium Brno"}
@STRING{cnjro = "Contrib. Nizamiah Japal-Rangapur Obs."}
@STRING{cpp = "Contrib. Plasma Phys."}
@STRING{cvvo = "Contrib. Van Vleck Obs."}
@STRING{cr = "Cosmic Res."}
@STRING{cryo = "Cryogenics"}
@STRING{czjp = "Czech. J. Phys., Sect. B"}
@STRING{drho = "Data Rep. Hydrogr. Obs., Ser. Astron. Geod."}
@STRING{dgkbawb = "Dtsch. Geod. Komm. Bayer. Akad. Wiss., Reihe B"}
@STRING{dgkbawc = "Dtsch. Geod. Komm. Bayer. Akad. Wiss., Reihe C"}
@STRING{dgkbawe = "Dtsch. Geod. Komm. Bayer. Akad. Wiss., Reihe E"}
@STRING{epsl = "Earth Planet. Sci. Lett."}
@STRING{erb = "Earth Rotation Bull."}
@STRING{emp = "Earth, Moon, Planets"}
@STRING{esrev = "Earth--Sci. Rev."}
@STRING{esab = "ESA Bull."}
@STRING{esaiuenl = "ESA IUE Newsl."}
@STRING{esaj = "ESA J."}
@STRING{esoar = "ESO Ann. Rep."}
@STRING{ejp = "Eur. J. Phys."}
@STRING{epl = "Europhys. Lett."}
@STRING{epn = "Europhys. News"}
@STRING{expast = "Exp. Astron."}
@STRING{fiz = "Fizika"}
@STRING{fortp = "Fortschr. Phys."}
@STRING{fp = "Found. Phys."}
@STRING{funcp = "\fcp"} % "Fundam. Cosmic Phys."
@STRING{gaab = "G.~A.A.B."}
@STRING{gast = "G. Astron."}
@STRING{gem = "Gemini"}
@STRING{grg = "Gen. Relativ. Gravitation"}
@STRING{gca = "\gca"} "Geochim. Cosmochim. Acta"
@STRING{ga = "Geomagn. Aehron."}
@STRING{gafd = "Geophys. Astrophys. Fluid Dyn."}
@STRING{gj = "Geophys. J."}
@STRING{grl = "\grl"} % "Geophys. Res. Lett."
@STRING{geo = "Geophysics"}
@STRING{geos = "GEOS Circ."}
@STRING{gbg = "Gerlands Beitr. Geophys."}
@STRING{heav = "Heavens"}
@STRING{hpa = "Helv. Phys. Acta"}
@STRING{hepnp = "High Energ. Phys. Nucl. Phys."}
@STRING{hob = "Hvar Obs. Bull."}
@STRING{hi = "Hyperfine Interact."}
@STRING{iappp = "I.A.P.P.P. Commun."}
@STRING{iauc = "\iaucirc"} % "IAU Circ."
@STRING{iauib = "IAU Inf. Bull."}
@STRING{icarus = "Icarus"}
@STRING{i3etm = "IEEE Trans. Magn."}
@STRING{i3etns = "IEEE Trans. Nucl. Sci."}
@STRING{i3etps = "IEEE Trans. Plasma Sci."}
@STRING{iersbb = "IERS Bull. B"}
@STRING{iersba = "IERS Bull.--A"}
@STRING{ijpap = "Indian J. Pure Appl. Phys."}
@STRING{ijrsp = "Indian J. Radio Space Phys."}
@STRING{ibvs = "Inf. Bull. Variable Stars"}
@STRING{iaatub = "Inst. Astron. Astrophys. Tech. Univ. Berlin, Mitt."}
@STRING{iag = "Inst. Astron. Geod., Univ. Madr., Publ."}
@STRING{ia = "Inst. Astron., Univ. Camb., Annu. Rep."}
@STRING{icq = "Int. Comet Q."}
@STRING{ijimw = "Int. J. Infrared Millimeter Waves"}
@STRING{ijmp = "Int. J. Mod. Phys. A"}
@STRING{ijtp = "Int. J. Theor. Phys."}
@STRING{ip = "Inverse Probl."}
@STRING{iastj = "Ir. Astron. J."}
@STRING{iris = "IRIS Bull. A"}
@STRING{iskz = "Issled. Solntsa Krasnykh Zvezd"}
@STRING{intsa = "Itogi Nauki Tekh., Ser. Astron."}
@STRING{intsppk = "Itogi NAuki Tekh., Ser. Plazmennye Protsessy Kosmose"}
@STRING{iaoe = "Izv. Astron. Obs. Ehngel'gardt."}
@STRING{ikao = "Izv. Krym. Astrofiz. Obs."}
@STRING{ivuzr = "Izv. Vyssch. Uchebn. Zaved., Radiofiz."}
@STRING{jasa = "J. Acoust. Soc. Am."}
@STRING{jaavso = "J. Am. Assoc. Variable Star Obs."}
@STRING{jam = "J. Appl. Meteorol."}
@STRING{jap = "J. Appl. Phys."}
@STRING{jastf = "J. Astron. Fr."}
@STRING{japast = "JA\&A"}
@STRING{jas = "J. Atmos. Sci."}
@STRING{jatp = "J. Atmos. Terr. Phys."}
@STRING{jbasta = "J. Br. Astron. Assoc."}
@STRING{jbis = "J. Br. Interplanet. Soc."}
@STRING{jcp = "\jcp"} % "J. Chem. Phys."
@STRING{jcomp = "J. Comp. Phys."}
@STRING{jel = "J. Electrostat."}
@STRING{jfseu = "J. Fac Sci., Ege Univ., Ser. A"}
@STRING{jfm = "J. Fluid Mech."}
@STRING{jgr = "\jgr"} % "J. Geophys. Res."
@STRING{jhast = "J. Hist. Astron."}
@STRING{jms = "J. Mater. Sci."}
@STRING{jmp = "J. Math. Phys."}
@STRING{jmo = "J. Mod. Opt."}
@STRING{jop = "J. Opt. (Paris)"}
@STRING{josaa = "J. Opt. Soc. Am. A"}
@STRING{josab = "J. Opt. Soc. Am. B"}
@STRING{jp = "J. Phys."}
@STRING{jpa = "J. Phys. A"}
@STRING{jpb = "J. Phys. B"}
@STRING{jpd = "J. Phys. D"}
@STRING{jpe = "J. Phys. E"}
@STRING{jpg = "J. Phys. G"}
@STRING{jpsj = "J. Phys. Soc. Jpn."}
@STRING{jpp = "J. Plasma Phys."}
@STRING{jqsrt = "\jqsrt"} % "J. Quant. Spectrosc. Radiat. Transfer"}
@STRING{jrasc = "\jrasc"} % "J. R. Astron. Soc. Can."
@STRING{jsp = "J. Stat. Phys."}
@STRING{jvst = "J. Vac. Sci. Technol., A"}
@STRING{jetpl = "JETP Lett."}
@STRING{jhatd = "Johns Hopkins APL Tech. Dig."}
@STRING{jjap1 = "Jpn. J. Appl. Phys., Part 1"}
@STRING{jjap2 = "Jpn. J. Appl. Phys., Part 2"}
@STRING{kai = "Kapteyn Astron. Inst., Annu. Rep."}
@STRING{kexto = "Kexue Tongbao"}
@STRING{kfnt = "Kinematika Fiz. Nebesn. Tel"}
@STRING{kob = "Kodaikanal Obs. Bull."}
@STRING{kt = "Komet. Tsirk."}
@STRING{ki = "Kosm. Issled."}
@STRING{koz = "Kozmos"}
@STRING{kpm = "KPM"}
@STRING{lo = "Laser Optoelektron."}
@STRING{latc = "Latitude Circ."}
@STRING{lest = "LEST Found., Annu. Rep."}
@STRING{lmp = "Lett. Math. Phys."}
@STRING{lob = "Lick Obs. Bull."}
@STRING{mg = "Manuscr. Geod."}
@STRING{ml = "Mater. Lett."}
@STRING{mrb = "Mater. Res. Bull."}
@STRING{mfs = "Mem. Fac. Sci., Kyoto Univ., Ser. Phys., Astrophys., Geophys., Chem."}
@STRING{memras = "\memras"} % "Mem. R. Astron. Soc."
@STRING{msai = "\memsai"} % "Mem. Soc. Astron. Ital."}
@STRING{merc = "Mercury"}
@STRING{mess = "Messenger"}
@STRING{met = "Meteoritics"}
@STRING{metka = "Meteoritika"}
@STRING{metro = "Metrologica"}
@STRING{mpb = "Minor Planet Bull."}
@STRING{mpc = "Minor Planet Circ."}
@STRING{masbt = "Mitt. Archenold--Sternw. Berlin Treptow"}
@STRING{mag = "Mitt. Astron. Ges."}
@STRING{mlotud = "Mitt. Lohrmann--Obs., Tech. Univ. Dresden"}
@STRING{mss = "Mitt. Sternw. Sonneberg"}
@STRING{mvs = "Mitt. Ver{\"a}nderliche Sterne"}
@STRING{mzpe = "Mitt. Zentralinst. Phys. Erde"}
@STRING{mpla = "Mod. Phys. Lett. A"}
@STRING{mn = ""Mon. Not. R. Astron. Soc.""} % "Mon. Not. R. Astron. Soc."
@STRING{mnassa = "Mon. Notes Astron. Soc. S. Afr."}
@STRING{nint = "Nablyud. Iskusstv. Nebesn. Tel."}
@STRING{nogb = "Nachr. Olbers--Ges. Bremen"}
@STRING{naoj = "Natl. Astron. Obs. (Jpn.), Repr."}
@STRING{ng = "Natl. Geogr."}
@STRING{nraoa = "Natl. Radio Astron. Obs., Repr., Ser. A"}
@STRING{nraob = "Natl. Radio Astron. Obs., Repr., Ser. B"}
@STRING{nat = " "Nature""} % "Nature"
@STRING{natwis = "Naturwissenschaften"}
@STRING{ni = "Nauchn. Inf."}
@STRING{nlasny = "News Lett. Astron. Soc. N.Y."}
@STRING{nrodaour = "Nizamiah Rangapur Obs. Dep. Astron., Osmania Univ., Repr."}
@STRING{nraow = "NRAO Workshop"}
@STRING{nimpra = "Nucl. Instrum. Methods Phys. Res., Sect. A"}
@STRING{nimprb = "Nucl. Instrum. Methods Phys. Res., Sect. B"}
@STRING{npa = "\nphysa"} % "Nucl. Phys. A"
@STRING{npb = "Nucl. Phys. B, Part. Phys."}
@STRING{nca = "Nuovo Cimento A"}
@STRING{ncb = "Nuovo Cimento B"}
@STRING{ncc = "Nuovo Cimento C"}
@STRING{ot = "Obs. Trav."}
@STRING{obs = "Observatory"}
@STRING{onl = "Occultation Newsl."}
@STRING{ozvp = "{\"O}sterr. Z. Vermessungswes. Photogramm."}
@STRING{oc = "Opt. Commun."}
@STRING{oe = "Opt. Eng."}
@STRING{olt = "Opt. Laser Technol."}
@STRING{ol = "Opt. Lett."}
@STRING{on = "Opt. News"}
@STRING{os = "Opt. Spectrosc."}
@STRING{optik = "Optik"}
@STRING{ofeb = "Origins Life Evol. Biosphere"}
@STRING{orion = "Orion"}
@STRING{orione = "Orione"}
@STRING{oac = "Oss. Astrofis. Catania, Pubbl."}
@STRING{pz = "Perem. Zvezdy"}
@STRING{pb = "Phys. Bl."}
@STRING{pcm = "Phys. Chem. Miner."}
@STRING{pfa = "Phys. Fluids, A"}
@STRING{pfb = "Phys. Fluids, B"}
@STRING{pla = "Phys. Lett. A"}
@STRING{plb = "Phys. Lett. B"}
@STRING{pr = "\physrep"} % "Phys. Rep."
@STRING{pra = "\pra"} % "Phys. Rev. A"
@STRING{prb = "\prb"} % "Phys. Rev. B"
@STRING{prc = "\prc"} % "Phys. Rev. C"
@STRING{prd = "\prd"} % "Phys. Rev. D"
@STRING{prl = "\prl"} % "Phys. Rev. Lett."
@STRING{ps = "\physscr"} % "Phys. Scr."
@STRING{ptch = "Phys. Teach."}
@STRING{ptod = "Phys. Today"}
@STRING{pha = "Physica A"}
@STRING{phb = "Physica B"}
@STRING{phd = "Physica D"}
@STRING{paz = "Pis'ma Astron. Zh."}
@STRING{pss = "\planss"} % "Planet. Space Sci."
@STRING{ppcf = "Plasma Phys. Controlled Fusion"}
@STRING{pa = "Postepy Astron."}
@STRING{pram = "Pram\~{a}na"}
@STRING{pri = "Priroda"}
@STRING{pasa = "Proc. Astron. Soc. Aust."}
@STRING{pi3e = "Proc. IEEE"}
@STRING{prsl = "Proc. R. Soc. London, Ser. A"}
@STRING{posp = "\procspie"} % "Proceedings of SPIE"
@STRING{past = "Prog. Astron."}
@STRING{ptp = "Prog. Theor. Phys."}
@STRING{paicas = "Publ. Astron. Inst. Czech. Acad. Sci."}
@STRING{pasj = "\pasj"} % Publ. Aston. Soc. Jpn.
@STRING{pasp = "\pasp"} % "Publ.. Astron. Soc. Pac."
@STRING{pbao = "Publ. Beijing Astron. Obs."}
@STRING{pdaub = "Publ. Dep. Astron., Univ. Beogr."}
@STRING{pdao = "Publ. Dom. Astrophys. Obs."}
@STRING{pnlaoj = "Publ. Natl. Astron. Obs. Jpn."}
@STRING{ppmo = "Publ. Purple Mt. Obs."}
@STRING{psao = "Publ. Shaanxi Astron. Obs."}
@STRING{pscds = "Publ. Sp\'ec. Cent. Donn\'ees Stellaires"}
@STRING{pyo = "Publ. Yunnan Obs."}
@STRING{pag = "Pure Appl. Geophys."}
@STRING{qbsa = "Q. Bull. Sol. Act."}
@STRING{qjras = "\qjras"} % "Q. J. R. Astron. Soc.
@STRING{rad = "Radiant"}
@STRING{rsci = "Radio Sci."}
@STRING{reche = "Recherche"}
@STRING{rpp = "Rep. Prog. Phys."}
@STRING{ra = "Rev. Astron."}
@STRING{rg = "Rev. Geophys."}
@STRING{rmf = "Rev. Mex. Fis."}
@STRING{rmp = "Rev. Mod. Phys."}
@STRING{rrp = "Rev. Roum. Phys."}
@STRING{rsi = "Rev. Sci. Instrum."}
@STRING{rnc = "Riv. Nuovo Cimento"}
@STRING{rh = "\v{R}\'{\i}\v{s}e hv\v{e}zd"}
@STRING{saaoar = "S. Afr. Astron. Obs., Annu. Rep."}
@STRING{saaoc = "S. Afr. Astron. Obs., Circ."}
@STRING{saaon = "SAAO Newsl."}
@STRING{sciam = "Sci. Am."}
@STRING{scch = "Sci. China, Ser. A"}
@STRING{srtu = "Sci. Rep. T\^{o}hoku Univ., Eighth Ser."}
@STRING{sc = "Sci"}
@STRING{sar = "Sendai Astron. Rap."}
@STRING{st = "Sidereal Times"}
@STRING{sky = "\skytel"} % "Sky Telesc."
@STRING{sbaavso = "Sol. Bull. (AAVSO)"}
@STRING{se = "Sol. Energy"}
@STRING{sp = "\solphys"} % "Sol. Phys."
@STRING{srd = "Sol. Radio Data"}
@STRING{ssres = "Sol. Syst. Res."}
@STRING{sdb = "Soln. Dannye, Byull."}
@STRING{sonne = "Sonne"}
@STRING{sbo = "Soobshch. Byurak. Obs."}
@STRING{ssao = "Soobshch. Spets. Astrofiz. Obs."}
@STRING{sost = "South. Stars"}
@STRING{sa = "\sovast"} % "Sov. Astron."
@STRING{sal = "\sovast"} % "Sov. Astron. Lett."
@STRING{sjot = "Sov. J. Opt. Technol."}
@STRING{spd = "Sov. Phys. -- Dokl."}
@STRING{spj = "Sov. Phys. -- JETP"}
@STRING{spu = "Sov. Phys. -- Usp."}
@STRING{space = "Space"}
@STRING{ssr = "\ssr"} % "Space Sci. Rev."
@STRING{stsi = "Space Telesc. Sci. Inst., Newsl."}
@STRING{sf = "Spaceflight"}

@STRING{sterne = "Sterne"}
@STRING{sw = "Sterne Weltraum"}
@STRING{sb = "Sternenbote"}
@STRING{strlast = "Strolling Astron."}
@STRING{sgg = "Stud. Geophys. Geod."}
@STRING{taot = "Tartu Astrof{\"u}{\"u}s. Obs. Teated"}
@STRING{tect = "Tectonophysics"}
@STRING{tellus = "Tellus, Ser. A"}
@STRING{tmf = "Teor. Mat. Fiz."}
@STRING{tp = "Theor. Pap."}
@STRING{tsb = "Time Serv. Bull."}
@STRING{tmnr = "Tokyo Meteor Network Rep."}
@STRING{tai = "Tsirk. Astron. Inst. (Tashkent)"}
@STRING{ufz = "Ukr. Fiz. Zh."}
@STRING{ucla = "Universe Classroom"}
@STRING{uao = "Upps. Astron. Obs., Rep."}
@STRING{urania = "Urania"}
@STRING{usnoc = "U.S. Nav. Obs., Circ."}
@STRING{usnos4 = "U.S. Nav. Obs., Ser. 4"}
@STRING{ufn = "Usp. Fiz. Nauk"}
@STRING{vsb = "Variable Star Bull."}
@STRING{vasiona = "Vasiona"}
@STRING{varih = "Ver{\"o}ff. Astron. Rechen--Inst. Heidelb."}
@STRING{vzpe = "Ver{\"o}ff. Zentralinst. Phys. Erde"}
@STRING{vesmir = "Vesm\'{\i}r"}
@STRING{vansssr = "Vestn. Akad. Nauk SSSR"}
@STRING{vku = "Vestn. Kiev. Univ., Astron."}
@STRING{va = "Vistas Astron."}
@STRING{wgn = "WGN"}
@STRING{wztud = "Wiss. Z. Tech. Univ. Dresden"}
@STRING{yama = "Yamamoto Circ."}
@STRING{zap = "\zap"} % "Z. Astrophys."
@STRING{zamp = "Z. Angew. Math. Phys."}
@STRING{zna = "Z. Naturforsch., A"}
@STRING{zpa = "Z. Phys., A"}
@STRING{zpc = "Z. Phys., C"}
@STRING{zv = "Zemlya Vselennaya"}
@STRING{zenit = "Zenit"}
@STRING{zetf = "Zh. Ehksp. Teor. Fiz."}



@ARTICLE{veselago,
 author = {V. G. Veselago, K. M. Golant, I. S. Kovaleva, and I. M. Yurin },
 title = "{Energy spectrum and transport properties of {H}g{C}r2{S}e4 single crystals }",
 journal = {Zh. Eksp. Teor. Fiz.},
 issue = {86},
 pages = {1857-1861},
 year = 1984,
 month = May 
}

@ARTICLE{Simmons01032013,
author = {Simmons, Brooke D. and Lintott, Chris and Schawinski, Kevin and Moran, Edward C. and Han, Anna and Kaviraj, Sugata and Masters, Karen L. and Urry, C. Megan and Willett, Kyle W. and Bamford, Steven P. and Nichol, Robert C.}, 
title = "{Galaxy Zoo: bulgeless galaxies with growing black holes}",
volume = {429}, 
number = {3}, 
pages = {2199-2211}, 
year = {2013}, 
doi = {10.1093/mnras/sts491}, 
abstract ={The growth of supermassive black holes appears to be driven by galaxy mergers, violent merger-free processes and/or ‘secular’ processes. In order to quantify the effects of secular evolution on black hole growth, we study a sample of active galactic nuclei (AGN) in galaxies with a calm formation history free of significant mergers, a population that heretofore has been difficult to locate. Here we present an initial sample of 13 AGN in massive (M* ≳ 1010 M⊙) bulgeless galaxies – which lack the classical bulges believed inevitably to result from mergers – selected from the Sloan Digital Sky Survey using visual classifications from Galaxy Zoo. Parametric morphological fitting confirms that the host galaxies lack classical bulges; any contributions from pseudo-bulges are very small (typically <5 per cent). We compute black hole masses for the two broad-line objects in the sample (4.2 × 106 and 1.2 × 107 M⊙) and place lower limits on black hole masses for the remaining sample (typically MBH ≳ 106 M⊙), showing that significant black hole growth must be possible in the absence of mergers or violent disc instabilities.The black hole masses are systematically higher than expected from established bulge–black hole relations. However, if the mean Eddington ratio of the systems with measured black hole masses (L/LEdd ≈ 0.065) is typical, 10 of 13 sources are consistent with the correlation between black hole mass and total stellar mass. That pure disc galaxies and their central black holes may be consistent with a relation derived from elliptical and bulge-dominated galaxies with very different formation histories implies the details of stellar galaxy evolution and dynamics may not be fundamental to the co-evolution of galaxies and black holes.}, 
URL = {http://mnras.oxfordjournals.org/content/429/3/2199.abstract}, 
eprint = {http://mnras.oxfordjournals.org/content/429/3/2199.full.pdf+html}, 
journal = {Monthly Notices of the Royal Astronomical Society} 
}

@ARTICLE{Peng:2002ua,
      author         = "Peng, Chien Y. and Ho, Luis C. and Impey, Chris D. and
                        Rix, Hans-Walter",
      title          = "{Detailed structural decomposition of galaxy images}",
      journal        = Astron.J.,
      volume         = "124",
      pages          = "266-293",
      doi            = "10.1086/340952",
      year           = "2002",
      eprint         = "astro-ph/0204182",
      archivePrefix  = "arXiv",
      primaryClass   = "astro-ph",
      SLACcitation   = "%%CITATION = ASTRO-PH/0204182;%%",
}

@article{Peng:2009fu,
      author         = "Peng, Chien Y. and Ho, Luis C. and Impey, Chris D. and
                        Rix, Hans-Walter",
      title          = "{Detailed Decomposition of Galaxy Images. II. Beyond
                        Axisymmetric Models}",
      journal        = Astron.J.,
      volume         = "139",
      pages          = "2097-2129",
      doi            = "10.1088/0004-6256/139/6/2097",
      year           = "2010",
      eprint         = "0912.0731",
      archivePrefix  = "arXiv",
      primaryClass   = "astro-ph.CO",
      SLACcitation   = "%%CITATION = ARXIV:0912.0731;%%",
}

@article{Haring:2004hr,
      author         = "Haring, Nadine and Rix, Hans-Walter",
      title          = "{On the black hole mass - bulge mass relation}",
      journal        = Astrophys.J.,
      volume         = "604",
      pages          = "L89-L92",
      doi            = "10.1086/383567",
      year           = "2004",
      eprint         = "astro-ph/0402376",
      archivePrefix  = "arXiv",
      primaryClass   = "astro-ph",
      SLACcitation   = "%%CITATION = ASTRO-PH/0402376;%%",
}

@INPROCEEDINGS{2003mglh.conf..324D,
   author = {{Dickinson}, M. and {Giavalisco}, M. and {GOODS Team}},
    title = "{The Great Observatories Origins Deep Survey}",
booktitle = {The Mass of Galaxies at Low and High Redshift},
     year = 2003,
   eprint = {astro-ph/0204213},
   editor = {{Bender}, R. and {Renzini}, A.},
    pages = {324},
      doi = {10.1007/10899892_78},
   adsurl = {http://adsabs.harvard.edu/abs/2003mglh.conf..324D},
  adsnote = {Provided by the SAO/NASA Astrophysics Data System}
}

@ARTICLE{2004ApJ...600L..93G,
   author = {{Giavalisco}, M. and {Ferguson}, H.~C. and {Koekemoer}, A.~M. and 
	{Dickinson}, M. and {Alexander}, D.~M. and {Bauer}, F.~E. and 
	{Bergeron}, J. and {Biagetti}, C. and {Brandt}, W.~N. and {Casertano}, S. and 
	{Cesarsky}, C. and {Chatzichristou}, E. and {Conselice}, C. and 
	{Cristiani}, S. and {Da Costa}, L. and {Dahlen}, T. and {de Mello}, D. and 
	{Eisenhardt}, P. and {Erben}, T. and {Fall}, S.~M. and {Fassnacht}, C. and 
	{Fosbury}, R. and {Fruchter}, A. and {Gardner}, J.~P. and {Grogin}, N. and 
	{Hook}, R.~N. and {Hornschemeier}, A.~E. and {Idzi}, R. and 
	{Jogee}, S. and {Kretchmer}, C. and {Laidler}, V. and {Lee}, K.~S. and 
	{Livio}, M. and {Lucas}, R. and {Madau}, P. and {Mobasher}, B. and 
	{Moustakas}, L.~A. and {Nonino}, M. and {Padovani}, P. and {Papovich}, C. and 
	{Park}, Y. and {Ravindranath}, S. and {Renzini}, A. and {Richardson}, M. and 
	{Riess}, A. and {Rosati}, P. and {Schirmer}, M. and {Schreier}, E. and 
	{Somerville}, R.~S. and {Spinrad}, H. and {Stern}, D. and {Stiavelli}, M. and 
	{Strolger}, L. and {Urry}, C.~M. and {Vandame}, B. and {Williams}, R. and 
	{Wolf}, C.},
    title = "{The Great Observatories Origins Deep Survey: Initial Results from Optical and Near-Infrared Imaging}",
  journal = { Astrophys. J., Lett.},
   eprint = {astro-ph/0309105},
 keywords = {Cosmology: Observations, Galaxies: Distances and Redshifts, Galaxies: Evolution, Galaxies: Formation},
     year = 2004,
    month = jan,
   volume = 600,
    pages = {L93-L98},
      doi = {10.1086/379232},
   adsurl = {http://adsabs.harvard.edu/abs/2004ApJ...600L..93G},
  adsnote = {Provided by the SAO/NASA Astrophysics Data System}
}

@ARTICLE{2012ApJS..200....9G,
   author = {{Griffith}, R.~L. and {Cooper}, M.~C. and {Newman}, J.~A. and 
	{Moustakas}, L.~A. and {Stern}, D. and {Comerford}, J.~M. and 
	{Davis}, M. and {Lotz}, J.~M. and {Barden}, M. and {Conselice}, C.~J. and 
	{Capak}, P.~L. and {Faber}, S.~M. and {Kirkpatrick}, J.~D. and 
	{Koekemoer}, A.~M. and {Koo}, D.~C. and {Noeske}, K.~G. and 
	{Scoville}, N. and {Sheth}, K. and {Shopbell}, P. and {Willmer}, C.~N.~A. and 
	{Weiner}, B.},
    title = "{The Advanced Camera for Surveys General Catalog: Structural Parameters for Approximately Half a Million Galaxies}",
  journal = { Astrophys. J., Suppl. Ser.},
archivePrefix = "arXiv",
   eprint = {1203.1651},
 primaryClass = "astro-ph.CO",
 keywords = {catalogs, galaxies: evolution, galaxies: photometry, galaxies: structure, surveys},
     year = 2012,
    month = may,
   volume = 200,
      eid = {9},
    pages = {9},
      doi = {10.1088/0067-0049/200/1/9},
   adsurl = {http://adsabs.harvard.edu/abs/2012ApJS..200....9G},
  adsnote = {Provided by the SAO/NASA Astrophysics Data System}
}

@INPROCEEDINGS{2011ASPC..442..155H,
   author = {{H{\"a}u{\ss}ler}, B. and {Barden}, M. and {Bamford}, S.~P. and 
	{Rojas}, A.},
    title = "{Galapagos: A Semi-Automated Tool for Galaxy Profile Fitting}",
booktitle = {Astronomical Data Analysis Software and Systems XX},
     year = 2011,
   series = {Astronomical Society of the Pacific Conference Series},
   volume = 442,
   editor = {{Evans}, I.~N. and {Accomazzi}, A. and {Mink}, D.~J. and {Rots}, A.~H.
	},
    month = jul,
    pages = {155},
   adsurl = {http://adsabs.harvard.edu/abs/2011ASPC..442..155H},
  adsnote = {Provided by the SAO/NASA Astrophysics Data System}
}

@ARTICLE{2003AJ....126..539A,
   author = {{Alexander}, D.~M. and {Bauer}, F.~E. and {Brandt}, W.~N. and 
	{Schneider}, D.~P. and {Hornschemeier}, A.~E. and {Vignali}, C. and 
	{Barger}, A.~J. and {Broos}, P.~S. and {Cowie}, L.~L. and {Garmire}, G.~P. and 
	{Townsley}, L.~K. and {Bautz}, M.~W. and {Chartas}, G. and {Sargent}, W.~L.~W.
	},
    title = "{The Chandra Deep Field North Survey. XIII. 2 Ms Point-Source Catalogs}",
  journal = { Astron. J.},
   eprint = {astro-ph/0304392},
 keywords = {Cosmology: Observations, Cosmology: Diffuse Radiation, Galaxies: Active, Surveys, X-Rays},
     year = 2003,
    month = aug,
   volume = 126,
    pages = {539-574},
      doi = {10.1086/376473},
   adsurl = {http://adsabs.harvard.edu/abs/2003AJ....126..539A},
  adsnote = {Provided by the SAO/NASA Astrophysics Data System}
}

@ARTICLE{2011ApJS..195...10X,
   author = {{Xue}, Y.~Q. and {Luo}, B. and {Brandt}, W.~N. and {Bauer}, F.~E. and 
	{Lehmer}, B.~D. and {Broos}, P.~S. and {Schneider}, D.~P. and 
	{Alexander}, D.~M. and {Brusa}, M. and {Comastri}, A. and {Fabian}, A.~C. and 
	{Gilli}, R. and {Hasinger}, G. and {Hornschemeier}, A.~E. and 
	{Koekemoer}, A. and {Liu}, T. and {Mainieri}, V. and {Paolillo}, M. and 
	{Rafferty}, D.~A. and {Rosati}, P. and {Shemmer}, O. and {Silverman}, J.~D. and 
	{Smail}, I. and {Tozzi}, P. and {Vignali}, C.},
    title = "{The Chandra Deep Field-South Survey: 4 Ms Source Catalogs}",
  journal = { Astrophys. J., Suppl. Ser.},
archivePrefix = "arXiv",
   eprint = {1105.5643},
 primaryClass = "astro-ph.CO",
 keywords = {cosmology: observations, diffuse radiation, galaxies: active, surveys, X-rays: galaxies},
     year = 2011,
    month = jul,
   volume = 195,
      eid = {10},
    pages = {10},
      doi = {10.1088/0067-0049/195/1/10},
   adsurl = {http://adsabs.harvard.edu/abs/2011ApJS..195...10X},
  adsnote = {Provided by the SAO/NASA Astrophysics Data System}
}

@article{doi:10.1146/annurev-astro-082708-101811,
author = {Kormendy, John and Ho, Luis C.},
title = {Coevolution (Or Not) of Supermassive Black Holes and Host Galaxies},
journal = {Annual Review of Astronomy and Astrophysics},
volume = {51},
number = {1},
pages = {511-653},
year = {2013},
doi = {10.1146/annurev-astro-082708-101811},

URL = {http://www.annualreviews.org/doi/abs/10.1146/annurev-astro-082708-101811},
eprint = {http://www.annualreviews.org/doi/pdf/10.1146/annurev-astro-082708-101811}
}

@ARTICLE{2002AJ....124..266P,
   author = {{Peng}, C.~Y. and {Ho}, L.~C. and {Impey}, C.~D. and {Rix}, H.-W.
	},
    title = "{Detailed Structural Decomposition of Galaxy Images}",
  journal = { Astron. J.},
   eprint = {astro-ph/0204182},
 keywords = {Galaxies: Bulges, Galaxies: Fundamental Parameters, Galaxies: Nuclei, Galaxies: Structure, Techniques: Image Processing, Techniques: Photometric},
     year = 2002,
    month = jul,
   volume = 124,
    pages = {266-293},
      doi = {10.1086/340952},
   adsurl = {http://adsabs.harvard.edu/abs/2002AJ....124..266P},
  adsnote = {Provided by the SAO/NASA Astrophysics Data System}
}

@ARTICLE{2001ApJ...550..212B,
   author = {{Bell}, E.~F. and {de Jong}, R.~S.},
    title = "{Stellar Mass-to-Light Ratios and the Tully-Fisher Relation}",
  journal = {Astrophys. J.},
   eprint = {astro-ph/0011493},
 keywords = {ISM: Dust, Extinction, Galaxies: Evolution, Galaxies: Kinematics and Dynamics, Galaxies: Spiral, Galaxies: Stellar Content},
     year = 2001,
    month = mar,
   volume = 550,
    pages = {212-229},
      doi = {10.1086/319728},
   adsurl = {http://adsabs.harvard.edu/abs/2001ApJ...550..212B},
  adsnote = {Provided by the SAO/NASA Astrophysics Data System}
}

@ARTICLE{2011ApJ...727L..31S,
   author = {{Schawinski}, K. and {Treister}, E. and {Urry}, C.~M. and {Cardamone}, C.~N. and 
	{Simmons}, B. and {Yi}, S.~K.},
    title = "{HST WFC3/IR Observations of Active Galactic Nucleus Host Galaxies at z \~{} 2: Supermassive Black Holes Grow in Disk Galaxies}",
  journal = { Astrophys. J., Lett.},
archivePrefix = "arXiv",
   eprint = {1012.1855},
 primaryClass = "astro-ph.CO",
 keywords = {galaxies: active, galaxies: high-redshift, galaxies: Seyfert},
     year = 2011,
    month = feb,
   volume = 727,
      eid = {L31},
    pages = {L31},
      doi = {10.1088/2041-8205/727/2/L31},
   adsurl = {http://adsabs.harvard.edu/abs/2011ApJ...727L..31S},
  adsnote = {Provided by the SAO/NASA Astrophysics Data System}
}

@BOOK{1987gady.book.....B,
   author = {{Binney}, J. and {Tremaine}, S.},
    title = "{Galactic dynamics}",
 keywords = {Astrophysics, Celestial Mechanics, Galactic Structure, Milky Way Galaxy, Dark Matter, Galactic Evolution, Jeans Theory, Orbital Mechanics, Potential Theory, Stellar Evolution, Stellar Systems},
booktitle = {Princeton, NJ, Princeton University Press, 1987, 747 p.},
     year = 1987,
   adsurl = {http://adsabs.harvard.edu/abs/1987gady.book.....B},
  adsnote = {Provided by the SAO/NASA Astrophysics Data System}
}

@ARTICLE{2012ApJ...744..148K,
   author = {{Kocevski}, D.~D. and {Faber}, S.~M. and {Mozena}, M. and {Koekemoer}, A.~M. and 
	{Nandra}, K. and {Rangel}, C. and {Laird}, E.~S. and {Brusa}, M. and 
	{Wuyts}, S. and {Trump}, J.~R. and {Koo}, D.~C. and {Somerville}, R.~S. and 
	{Bell}, E.~F. and {Lotz}, J.~M. and {Alexander}, D.~M. and {Bournaud}, F. and 
	{Conselice}, C.~J. and {Dahlen}, T. and {Dekel}, A. and {Donley}, J.~L. and 
	{Dunlop}, J.~S. and {Finoguenov}, A. and {Georgakakis}, A. and 
	{Giavalisco}, M. and {Guo}, Y. and {Grogin}, N.~A. and {Hathi}, N.~P. and 
	{Juneau}, S. and {Kartaltepe}, J.~S. and {Lucas}, R.~A. and 
	{McGrath}, E.~J. and {McIntosh}, D.~H. and {Mobasher}, B. and 
	{Robaina}, A.~R. and {Rosario}, D. and {Straughn}, A.~N. and 
	{van der Wel}, A. and {Villforth}, C.},
    title = "{CANDELS: Constraining the AGN-Merger Connection with Host Morphologies at z \~{} 2}",
  journal = {Astrophys. J.},
archivePrefix = "arXiv",
   eprint = {1109.2588},
 primaryClass = "astro-ph.CO",
 keywords = {galaxies: active, galaxies: evolution, X-rays: galaxies},
     year = 2012,
    month = jan,
   volume = 744,
      eid = {148},
    pages = {148},
      doi = {10.1088/0004-637X/744/2/148},
   adsurl = {http://adsabs.harvard.edu/abs/2012ApJ...744..148K},
  adsnote = {Provided by the SAO/NASA Astrophysics Data System}
}

@ARTICLE{2012ApJ...761...75S,
   author = {{Simmons}, B.~D. and {Urry}, C.~M. and {Schawinski}, K. and 
	{Cardamone}, C. and {Glikman}, E.},
    title = "{Moderate-luminosity Growing Black Holes from 1.25  z 2.7: Varied Accretion in Disk-dominated Hosts}",
  journal = {Astrophys. J.},
archivePrefix = "arXiv",
   eprint = {1211.0278},
 primaryClass = "astro-ph.CO",
 keywords = {galaxies: active, galaxies: bulges, galaxies: fundamental parameters, galaxies: nuclei, galaxies: Seyfert},
     year = 2012,
    month = dec,
   volume = 761,
      eid = {75},
    pages = {75},
      doi = {10.1088/0004-637X/761/1/75},
   adsurl = {http://adsabs.harvard.edu/abs/2012ApJ...761...75S},
  adsnote = {Provided by the SAO/NASA Astrophysics Data System}
}

@ARTICLE{2008ApJ...680..130C,
   author = {{Cardamone}, C.~N. and {Urry}, C.~M. and {Damen}, M. and {van Dokkum}, P. and 
	{Treister}, E. and {Labb{\'e}}, I. and {Virani}, S.~N. and {Lira}, P. and 
	{Gawiser}, E.},
    title = "{Mid-Infrared Properties and Color Selection for X-Ray-Detected Active Galactic Nuclei in the MUSYC Extended Chandra Deep Field-South}",
  journal = {Astrophys. J.},
archivePrefix = "arXiv",
   eprint = {0803.0251},
 keywords = {Infrared: Galaxies, Galaxies: Quasars: General, X-Rays: Galaxies},
     year = 2008,
    month = jun,
   volume = 680,
    pages = {130-142},
      doi = {10.1086/587800},
   adsurl = {http://adsabs.harvard.edu/abs/2008ApJ...680..130C},
  adsnote = {Provided by the SAO/NASA Astrophysics Data System}
}

@ARTICLE{2002AJ....124.2351B,
   author = {{Bauer}, F.~E. and {Alexander}, D.~M. and {Brandt}, W.~N. and 
	{Hornschemeier}, A.~E. and {Vignali}, C. and {Garmire}, G.~P. and 
	{Schneider}, D.~P.},
    title = "{The Chandra Deep Field North Survey. XII. The Link between Faint X-Ray and Radio Source Populations}",
 journal = { Astron. J.},
   eprint = {astro-ph/0207433},
 keywords = {Galaxies: Active, Galaxies: Starburst, Radio Continuum, X-Rays},
     year = 2002,
    month = nov,
   volume = 124,
    pages = {2351-2363},
      doi = {10.1086/343778},
   adsurl = {http://adsabs.harvard.edu/abs/2002AJ....124.2351B},
  adsnote = {Provided by the SAO/NASA Astrophysics Data System}
}

@ARTICLE{2004AJ....128.2048B,
   author = {{Bauer}, F.~E. and {Alexander}, D.~M. and {Brandt}, W.~N. and 
	{Schneider}, D.~P. and {Treister}, E. and {Hornschemeier}, A.~E. and 
	{Garmire}, G.~P.},
    title = "{The Fall of Active Galactic Nuclei and the Rise of Star-forming Galaxies: A Close Look at the Chandra Deep Field X-Ray Number Counts}",
  journal = { Astron. J.},
   eprint = {astro-ph/0408001},
 keywords = {Cosmology: Observations, Galaxies: Active, Galaxies: Starburst, X-Rays: Galaxies},
     year = 2004,
    month = nov,
   volume = 128,
    pages = {2048-2065},
      doi = {10.1086/424859},
   adsurl = {http://adsabs.harvard.edu/abs/2004AJ....128.2048B},
  adsnote = {Provided by the SAO/NASA Astrophysics Data System}
}

@ARTICLE{2010ApJ...716..942F,
   author = {{Fisher}, D.~B. and {Drory}, N.},
    title = "{Bulges of Nearby Galaxies with Spitzer: Scaling Relations in Pseudobulges and Classical Bulges}",
  journal = {Astrophys. J.},
archivePrefix = "arXiv",
   eprint = {1004.5393},
 primaryClass = "astro-ph.CO",
 keywords = {galaxies: bulges, galaxies: evolution, galaxies: formation, galaxies: fundamental parameters, galaxies: structure},
     year = 2010,
    month = jun,
   volume = 716,
    pages = {942-969},
      doi = {10.1088/0004-637X/716/2/942},
   adsurl = {http://adsabs.harvard.edu/abs/2010ApJ...716..942F},
  adsnote = {Provided by the SAO/NASA Astrophysics Data System}
}

@ARTICLE{1988ApJ...325...74S,
   author = {{Sanders}, D.~B. and {Soifer}, B.~T. and {Elias}, J.~H. and 
	{Madore}, B.~F. and {Matthews}, K. and {Neugebauer}, G. and 
	{Scoville}, N.~Z.},
    title = "{Ultraluminous infrared galaxies and the origin of quasars}",
  journal = {Astrophys. J.},
 keywords = {Active Galactic Nuclei, Galactic Evolution, Infrared Sources (Astronomy), Quasars, Astronomical Maps, Carbon Monoxide, Emission Spectra, Infrared Photometry, Molecular Gases, Nonthermal Radiation, Spectral Energy Distribution},
     year = 1988,
    month = feb,
   volume = 325,
    pages = {74-91},
      doi = {10.1086/165983},
   adsurl = {http://adsabs.harvard.edu/abs/1988ApJ...325...74S},
  adsnote = {Provided by the SAO/NASA Astrophysics Data System}
}

@ARTICLE{2006ApJ...652..864H,
   author = {{Hopkins}, P.~F. and {Somerville}, R.~S. and {Hernquist}, L. and 
	{Cox}, T.~J. and {Robertson}, B. and {Li}, Y.},
    title = "{The Relation between Quasar and Merging Galaxy Luminosity Functions and the Merger-driven Star Formation History of the Universe}",
  journal = {Astrophys. J.},
   eprint = {astro-ph/0602290},
 keywords = {Cosmology: Theory, Galaxies: Active, Galaxies: Evolution, Galaxies: Quasars: General},
     year = 2006,
    month = dec,
   volume = 652,
    pages = {864-888},
      doi = {10.1086/508503},
   adsurl = {http://adsabs.harvard.edu/abs/2006ApJ...652..864H},
  adsnote = {Provided by the SAO/NASA Astrophysics Data System}
}

@ARTICLE{2008ApJS..175..356H,
   author = {{Hopkins}, P.~F. and {Hernquist}, L. and {Cox}, T.~J. and {Kere{\v s}}, D.
	},
    title = "{A Cosmological Framework for the Co-Evolution of Quasars, Supermassive Black Holes, and Elliptical Galaxies. I. Galaxy Mergers and Quasar Activity}",
  journal = { Astrophys. J., Suppl. Ser.},
archivePrefix = "arXiv",
   eprint = {0706.1243},
 keywords = {Cosmology: Theory, Galaxies: Active, Galaxies: Evolution, Galaxies: Quasars: General},
     year = 2008,
    month = apr,
   volume = 175,
    pages = {356-389},
      doi = {10.1086/524362},
   adsurl = {http://adsabs.harvard.edu/abs/2008ApJS..175..356H},
  adsnote = {Provided by the SAO/NASA Astrophysics Data System}
}


@ARTICLE{2006MNRAS.365...11C,
   author = {{Croton}, D.~J. and {Springel}, V. and {White}, S.~D.~M. and 
	{De Lucia}, G. and {Frenk}, C.~S. and {Gao}, L. and {Jenkins}, A. and 
	{Kauffmann}, G. and {Navarro}, J.~F. and {Yoshida}, N.},
    title = "{The many lives of active galactic nuclei: cooling flows, black holes and the luminosities and colours of galaxies}",
  journal = {Mon. Not. R. Astron. Soc.},
   eprint = {astro-ph/0508046},
 keywords = {black hole physics, galaxies: active, cooling flows, galaxies: evolution, galaxies: formation, cosmology: theory},
     year = 2006,
    month = jan,
   volume = 365,
    pages = {11-28},
      doi = {10.1111/j.1365-2966.2005.09675.x},
   adsurl = {http://adsabs.harvard.edu/abs/2006MNRAS.365...11C},
  adsnote = {Provided by the SAO/NASA Astrophysics Data System}
}

@ARTICLE{1998AJ....115.2285M,
   author = {{Magorrian}, J. and {Tremaine}, S. and {Richstone}, D. and {Bender}, R. and 
	{Bower}, G. and {Dressler}, A. and {Faber}, S.~M. and {Gebhardt}, K. and 
	{Green}, R. and {Grillmair}, C. and {Kormendy}, J. and {Lauer}, T.
	},
    title = "{The Demography of Massive Dark Objects in Galaxy Centers}",
 journal = { Astron. J.},
   eprint = {astro-ph/9708072},
 keywords = {COSMOLOGY: DARK MATTER, GALAXIES: NUCLEI},
     year = 1998,
    month = jun,
   volume = 115,
    pages = {2285-2305},
      doi = {10.1086/300353},
   adsurl = {http://adsabs.harvard.edu/abs/1998AJ....115.2285M},
  adsnote = {Provided by the SAO/NASA Astrophysics Data System}
}

@ARTICLE{1969Natur.223..690L,
   author = {{Lynden-Bell}, D.},
    title = "{Galactic Nuclei as Collapsed Old Quasars}",
  journal = { Nature},
     year = 1969,
    month = aug,
   volume = 223,
    pages = {690-694},
      doi = {10.1038/223690a0},
   adsurl = {http://adsabs.harvard.edu/abs/1969Natur.223..690L},
  adsnote = {Provided by the SAO/NASA Astrophysics Data System}
}

@ARTICLE{2004MNRAS.351..169M,
   author = {{Marconi}, A. and {Risaliti}, G. and {Gilli}, R. and {Hunt}, L.~K. and 
	{Maiolino}, R. and {Salvati}, M.},
    title = "{Local supermassive black holes, relics of active galactic nuclei and the X-ray background}",
  journal = {Mon. Not. R. Astron. Soc.},
   eprint = {astro-ph/0311619},
 keywords = {black hole physics, galaxies: active, galaxies: evolution, galaxies: nuclei, quasars: general, cosmology: miscellaneous},
     year = 2004,
    month = jun,
   volume = 351,
    pages = {169-185},
      doi = {10.1111/j.1365-2966.2004.07765.x},
   adsurl = {http://adsabs.harvard.edu/abs/2004MNRAS.351..169M},
  adsnote = {Provided by the SAO/NASA Astrophysics Data System}
}

@ARTICLE{1989ApJ...340L...5C,
   author = {{Cavaliere}, A. and {Padovani}, P.},
    title = "{The connection between active and normal galaxies}",
  journal = { Astrophys. J., Lett.},
 keywords = {Active Galactic Nuclei, Galactic Mass, Mass To Light Ratios, Quasars, Seyfert Galaxies, Eddington Approximation, Mass Distribution},
     year = 1989,
    month = may,
   volume = 340,
    pages = {L5-L8},
      doi = {10.1086/185425},
   adsurl = {http://adsabs.harvard.edu/abs/1989ApJ...340L...5C},
  adsnote = {Provided by the SAO/NASA Astrophysics Data System}
}

@ARTICLE{2003ApJ...589L..21M,
   author = {{Marconi}, A. and {Hunt}, L.~K.},
    title = "{The Relation between Black Hole Mass, Bulge Mass, and Near-Infrared Luminosity}",
  journal = { Astrophys. J., Lett.},
   eprint = {astro-ph/0304274},
 keywords = {Black Hole Physics, Galaxies: Bulges, Galaxies: Fundamental Parameters, Galaxies: Nuclei},
     year = 2003,
    month = may,
   volume = 589,
    pages = {L21-L24},
      doi = {10.1086/375804},
   adsurl = {http://adsabs.harvard.edu/abs/2003ApJ...589L..21M},
  adsnote = {Provided by the SAO/NASA Astrophysics Data System}
}

@ARTICLE{2000ApJ...539L..13G,
   author = {{Gebhardt}, K. and {Bender}, R. and {Bower}, G. and {Dressler}, A. and 
	{Faber}, S.~M. and {Filippenko}, A.~V. and {Green}, R. and {Grillmair}, C. and 
	{Ho}, L.~C. and {Kormendy}, J. and {Lauer}, T.~R. and {Magorrian}, J. and 
	{Pinkney}, J. and {Richstone}, D. and {Tremaine}, S.},
    title = "{A Relationship between Nuclear Black Hole Mass and Galaxy Velocity Dispersion}",
  journal = { Astrophys. J., Lett.},
   eprint = {astro-ph/0006289},
 keywords = {Galaxies: General, Galaxies: Nuclei, Galaxies: Statistics},
     year = 2000,
    month = aug,
   volume = 539,
    pages = {L13-L16},
      doi = {10.1086/312840},
   adsurl = {http://adsabs.harvard.edu/abs/2000ApJ...539L..13G},
  adsnote = {Provided by the SAO/NASA Astrophysics Data System}
}

@ARTICLE{2004ARA&A..42..603K,
   author = {{Kormendy}, J. and {Kennicutt}, Jr., R.~C.},
    title = "{Secular Evolution and the Formation of Pseudobulges in Disk Galaxies}",
  journal = {Ann. Rev. Astron. Astrophys.},
   eprint = {astro-ph/0407343},
     year = 2004,
    month = sep,
   volume = 42,
    pages = {603-683},
      doi = {10.1146/annurev.astro.42.053102.134024},
   adsurl = {http://adsabs.harvard.edu/abs/2004ARA%26A..42..603K},
  adsnote = {Provided by the SAO/NASA Astrophysics Data System}
}

@ARTICLE{2008ApJ...689..687B,
   author = {{Barger}, A.~J. and {Cowie}, L.~L. and {Wang}, W.-H.},
    title = "{A Highly Complete Spectroscopic Survey of the GOODS-N Field1,}",
 journal = {Astrophys. J.},
archivePrefix = "arXiv",
   eprint = {0812.2481},
 keywords = {Cosmology: Observations, Galaxies: Active, Galaxies: Distances and Redshifts, Galaxies: Evolution, Galaxies: Formation},
     year = 2008,
    month = dec,
   volume = 689,
    pages = {687-708},
      doi = {10.1086/592735},
   adsurl = {http://adsabs.harvard.edu/abs/2008ApJ...689..687B},
  adsnote = {Provided by the SAO/NASA Astrophysics Data System}
}

@ARTICLE{2004AJ....127.3121W,
   author = {{Wirth}, G.~D. and {Willmer}, C.~N.~A. and {Amico}, P. and {Chaffee}, F.~H. and 
	{Goodrich}, R.~W. and {Kwok}, S. and {Lyke}, J.~E. and {Mader}, J.~A. and 
	{Tran}, H.~D. and {Barger}, A.~J. and {Cowie}, L.~L. and {Capak}, P. and 
	{Coil}, A.~L. and {Cooper}, M.~C. and {Conrad}, A. and {Davis}, M. and 
	{Faber}, S.~M. and {Hu}, E.~M. and {Koo}, D.~C. and {Le Mignant}, D. and 
	{Newman}, J.~A. and {Songaila}, A.},
    title = "{The Team Keck Treasury Redshift Survey of the GOODS-North Field}",
  journal = {Astron. J.},
   eprint = {astro-ph/0401353},
 keywords = {Galaxies: Distances and Redshifts, Galaxies: Photometry},
     year = 2004,
    month = jun,
   volume = 127,
    pages = {3121-3136},
      doi = {10.1086/420999},
   adsurl = {http://adsabs.harvard.edu/abs/2004AJ....127.3121W},
  adsnote = {Provided by the SAO/NASA Astrophysics Data System}
}

@ARTICLE{2004AJ....127.3137C,
   author = {{Cowie}, L.~L. and {Barger}, A.~J. and {Hu}, E.~M. and {Capak}, P. and 
	{Songaila}, A.},
    title = "{A Large Sample of Spectroscopic Redshifts in the ACS-GOODS Region of the Hubble Deep Field North}",
  journal = {Astron. J.},
   eprint = {astro-ph/0401354},
 keywords = {Cosmology: Observations, Cosmology: Early Universe, Galaxies: Distances and Redshifts, Galaxies: Evolution, Galaxies: Formation},
     year = 2004,
    month = jun,
   volume = 127,
    pages = {3137-3145},
      doi = {10.1086/420997},
   adsurl = {http://adsabs.harvard.edu/abs/2004AJ....127.3137C},
  adsnote = {Provided by the SAO/NASA Astrophysics Data System}
}

@ARTICLE{2004ApJS..155..271S,
   author = {{Szokoly}, G.~P. and {Bergeron}, J. and {Hasinger}, G. and {Lehmann}, I. and 
	{Kewley}, L. and {Mainieri}, V. and {Nonino}, M. and {Rosati}, P. and 
	{Giacconi}, R. and {Gilli}, R. and {Gilmozzi}, R. and {Norman}, C. and 
	{Romaniello}, M. and {Schreier}, E. and {Tozzi}, P. and {Wang}, J.~X. and 
	{Zheng}, W. and {Zirm}, A.},
    title = "{The Chandra Deep Field-South: Optical Spectroscopy. I.}",
  journal = { Astrophys. J., Suppl. Ser.},
   eprint = {astro-ph/0312324},
 keywords = {Cosmology: Observations, Galaxies: Active, Galaxies: Quasars: General, Surveys, Techniques: Spectroscopic, X-Rays: Galaxies: Clusters},
     year = 2004,
    month = dec,
   volume = 155,
    pages = {271-349},
      doi = {10.1086/424707},
   adsurl = {http://adsabs.harvard.edu/abs/2004ApJS..155..271S},
  adsnote = {Provided by the SAO/NASA Astrophysics Data System}
}

@ARTICLE{2008ApJ...683..644S,
   author = {{Simmons}, B.~D. and {Urry}, C.~M.},
    title = "{The Accuracy of Morphological Decomposition of Active Galactic Nucleus Host Galaxies}",
  journal = {"Astrophys. J."},
archivePrefix = "arXiv",
   eprint = {0804.1363},
 keywords = {Galaxies: Active, Galaxies: Bulges, Galaxies: Fundamental Parameters, Galaxies: General},
     year = 2008,
    month = aug,
   volume = 683,
    pages = {644-658},
      doi = {10.1086/589827},
   adsurl = {http://adsabs.harvard.edu/abs/2008ApJ...683..644S},
  adsnote = {Provided by the SAO/NASA Astrophysics Data System}
}

@INPROCEEDINGS{1993ASPC...52..173T,
   author = {{Tody}, D.},
    title = "{IRAF in the Nineties}",
booktitle = {Astronomical Data Analysis Software and Systems II},
     year = 1993,
   series = {Astronomical Society of the Pacific Conference Series},
   volume = 52,
   editor = {{Hanisch}, R.~J. and {Brissenden}, R.~J.~V. and {Barnes}, J.
	},
    month = jan,
    pages = {173},
   adsurl = {http://adsabs.harvard.edu/abs/1993ASPC...52..173T},
  adsnote = {Provided by the SAO/NASA Astrophysics Data System}
}

@INPROCEEDINGS{2005ASPC..347...29T,
   author = {{Taylor}, M.~B.},
    title = "{TOPCAT \& STIL: Starlink Table/VOTable Processing Software}",
booktitle = {Astronomical Data Analysis Software and Systems XIV},
     year = 2005,
   series = {Astronomical Society of the Pacific Conference Series},
   volume = 347,
   editor = {{Shopbell}, P. and {Britton}, M. and {Ebert}, R.},
    month = dec,
    pages = {29},
   adsurl = {http://adsabs.harvard.edu/abs/2005ASPC..347...29T},
  adsnote = {Provided by the SAO/NASA Astrophysics Data System}
}

@Manual{Rprogramming,
  title        = {R: A Language and Environment for Statistical
                  Computing},
  author       = {{R Core Team}},
  organization = {R Foundation for Statistical Computing},
  address      = {Vienna, Austria},
  year         = 2014,
  url          = {http://www.R-project.org}
}

@ARTICLE{2004ARA&A..42..603K,
   author = {{Kormendy}, J. and {Kennicutt}, Jr., R.~C.},
    title = "{Secular Evolution and the Formation of Pseudobulges in Disk Galaxies}",
  journal = {Ann. Rev. Astron. Astrophys.},
   eprint = {astro-ph/0407343},
     year = 2004,
    month = sep,
   volume = 42,
    pages = {603-683},
      doi = {10.1146/annurev.astro.42.053102.134024},
   adsurl = {http://adsabs.harvard.edu/abs/2004ARA%26A..42..603K},
  adsnote = {Provided by the SAO/NASA Astrophysics Data System}
}

@ARTICLE{2012ApJS..200....9G,
   author = {{Griffith}, R.~L. and {Cooper}, M.~C. and {Newman}, J.~A. and 
	{Moustakas}, L.~A. and {Stern}, D. and {Comerford}, J.~M. and 
	{Davis}, M. and {Lotz}, J.~M. and {Barden}, M. and {Conselice}, C.~J. and 
	{Capak}, P.~L. and {Faber}, S.~M. and {Kirkpatrick}, J.~D. and 
	{Koekemoer}, A.~M. and {Koo}, D.~C. and {Noeske}, K.~G. and 
	{Scoville}, N. and {Sheth}, K. and {Shopbell}, P. and {Willmer}, C.~N.~A. and 
	{Weiner}, B.},
    title = "{The Advanced Camera for Surveys General Catalog: Structural Parameters for Approximately Half a Million Galaxies}",
  journal = { Astrophys. J., Suppl. Ser.},
archivePrefix = "arXiv",
   eprint = {1203.1651},
 primaryClass = "astro-ph.CO",
 keywords = {catalogs, galaxies: evolution, galaxies: photometry, galaxies: structure, surveys},
     year = 2012,
    month = may,
   volume = 200,
      eid = {9},
    pages = {9},
      doi = {10.1088/0067-0049/200/1/9},
   adsurl = {http://adsabs.harvard.edu/abs/2012ApJS..200....9G},
  adsnote = {Provided by the SAO/NASA Astrophysics Data System}
}

@ARTICLE{caon93,
   author = {{Caon}, N. and {Capaccioli}, M. and {D'Onofrio}, M.},
    title = "{On the Shape of the Light Profiles of Early Type Galaxies}",
  journal = {Mon. Not. R. Astron. Soc.},
   eprint = {arXiv:astro-ph/9309013},
     year = 1993,
    month = dec,
   volume = 265,
    pages = {1013},
   adsurl = {http://adsabs.harvard.edu/abs/1993MNRAS.265.1013C},
  adsnote = {Provided by the SAO/NASA Astrophysics Data System}
}

@ARTICLE{2013MSAIS..25...82M,
   author = {{Melvin}, T. and {Masters}, K. and {the Galaxy Zoo Team}},
    title = "{Galaxy Zoo: are we observing an epoch of bar formation in massive disk galaxies?.}",
  journal = {Memorie della Societa Astronomica Italiana Supplementi},
 keywords = {galaxies: spiral, galaxies: evolution, galaxies: structure},
     year = 2013,
   volume = 25,
    pages = {82},
   adsurl = {http://adsabs.harvard.edu/abs/2013MSAIS..25...82M},
  adsnote = {Provided by the SAO/NASA Astrophysics Data System}
}

@ARTICLE{1997AAS..122..399P,
   author = {{Poggianti}, B.~M.},
    title = "{K and evolutionary corrections from UV to IR}",
  journal = {Astron. Astrophys. Suppl. Ser.},
   eprint = {astro-ph/9608029},
 keywords = {GALAXIES: EVOLUTION, GALAXIES: PHOTOMETRY, GALAXIES: DISTANCES AND REDSHIFTS, GALAXIES: FUNDAMENTAL PARAMETERS, COSMOLOGY: MISCELLANEOUS},
     year = 1997,
    month = may,
   volume = 122,
    pages = {399-407},
      doi = {10.1051/aas:1997142},
   adsurl = {http://adsabs.harvard.edu/abs/1997A%26AS..122..399P},
  adsnote = {Provided by the SAO/NASA Astrophysics Data System}
}

@ARTICLE{2010MNRAS.405.1409C,
   author = {{Chilingarian}, I.~V. and {Melchior}, A.-L. and {Zolotukhin}, I.~Y.
	},
    title = "{Analytical approximations of K-corrections in optical and near-infrared bands}",
  journal = {Mon. Not. R. Astron. Soc.},
archivePrefix = "arXiv",
   eprint = {1002.2360},
 primaryClass = "astro-ph.IM",
 keywords = {galaxies: evolution, galaxies: fundamental parameters, galaxies: photometry, galaxies: stellar content},
     year = 2010,
    month = jul,
   volume = 405,
    pages = {1409-1420},
      doi = {10.1111/j.1365-2966.2010.16506.x},
   adsurl = {http://adsabs.harvard.edu/abs/2010MNRAS.405.1409C},
  adsnote = {Provided by the SAO/NASA Astrophysics Data System}
}

@BOOK{2013heai.book.....C,
   author = {{Courvoisier}, T.~J.-L.},
    title = "{High Energy Astrophysics}",
 keywords = {Physics},
booktitle = {High Energy Astrophysics: An Introduction, Astronomy and Astrophysics Library.~ISBN 978-3-642-30969-4.~Springer-Verlag Berlin Heidelberg, 2013},
     year = 2013,
      doi = {10.1007/978-3-642-30970-0},
   adsurl = {http://adsabs.harvard.edu/abs/2013heai.book.....C},
  adsnote = {Provided by the SAO/NASA Astrophysics Data System}
}

@ARTICLE{1978MNRAS.183..341W,
   author = {{White}, S.~D.~M. and {Rees}, M.~J.},
    title = "{Core condensation in heavy halos - A two-stage theory for galaxy formation and clustering}",
  journal = {Mon. Not. R. Astron. Soc.},
 keywords = {Astronomical Models, Galactic Clusters, Galactic Evolution, Galactic Nuclei, Gravitational Effects, Halos, Critical Mass, Dark Matter, Dynamic Models, Interstellar Gas, Luminosity, Many Body Problem, Red Shift},
     year = 1978,
    month = may,
   volume = 183,
    pages = {341-358},
   adsurl = {http://adsabs.harvard.edu/abs/1978MNRAS.183..341W},
  adsnote = {Provided by the SAO/NASA Astrophysics Data System}
}

@ARTICLE{2012ApJ...756...26M,
   author = {{Martig}, M. and {Bournaud}, F. and {Croton}, D.~J. and {Dekel}, A. and 
	{Teyssier}, R.},
    title = "{A Diversity of Progenitors and Histories for Isolated Spiral Galaxies}",
  journal = {Astrophys. J.},
archivePrefix = "arXiv",
   eprint = {1201.1079},
 primaryClass = "astro-ph.CO",
 keywords = {galaxies: bulges, galaxies: evolution, galaxies: formation, galaxies: high-redshift, galaxies: interactions, galaxies: spiral},
     year = 2012,
    month = sep,
   volume = 756,
      eid = {26},
    pages = {26},
      doi = {10.1088/0004-637X/756/1/26},
   adsurl = {http://adsabs.harvard.edu/abs/2012ApJ...756...26M},
  adsnote = {Provided by the SAO/NASA Astrophysics Data System}
}

@ARTICLE{2011ApJ...741L..11C,
   author = {{Cisternas}, M. and {Jahnke}, K. and {Bongiorno}, A. and {Inskip}, K.~J. and 
	{Impey}, C.~D. and {Koekemoer}, A.~M. and {Merloni}, A. and 
	{Salvato}, M. and {Trump}, J.~R.},
    title = "{Secular Evolution and a Non-evolving Black-hole-to-galaxy Mass Ratio in the Last 7 Gyr}",
  journal = { Astrophys. J., Lett.},
archivePrefix = "arXiv",
   eprint = {1109.4633},
 primaryClass = "astro-ph.CO",
 keywords = {galaxies: active, galaxies: evolution, galaxies: nuclei},
     year = 2011,
    month = nov,
   volume = 741,
      eid = {L11},
    pages = {L11},
      doi = {10.1088/2041-8205/741/1/L11},
   adsurl = {http://adsabs.harvard.edu/abs/2011ApJ...741L..11C},
  adsnote = {Provided by the SAO/NASA Astrophysics Data System}
}

@ARTICLE{2011ApJ...734...92J,
   author = {{Jahnke}, K. and {Macci{\`o}}, A.~V.},
    title = "{The Non-causal Origin of the Black-hole-galaxy Scaling Relations}",
  journal = {Astrophys. J.},
archivePrefix = "arXiv",
   eprint = {1006.0482},
 primaryClass = "astro-ph.CO",
 keywords = {galaxies: bulges, galaxies: evolution, galaxies: fundamental parameters, galaxies: nuclei},
     year = 2011,
    month = jun,
   volume = 734,
      eid = {92},
    pages = {92},
      doi = {10.1088/0004-637X/734/2/92},
   adsurl = {http://adsabs.harvard.edu/abs/2011ApJ...734...92J},
  adsnote = {Provided by the SAO/NASA Astrophysics Data System}
}

@ARTICLE{2004MNRAS.351.1151B,
   author = {{Brinchmann}, J. and {Charlot}, S. and {White}, S.~D.~M. and 
	{Tremonti}, C. and {Kauffmann}, G. and {Heckman}, T. and {Brinkmann}, J.
	},
    title = "{The physical properties of star-forming galaxies in the low-redshift Universe}",
  journal = {Mon. Not. R. Astron. Soc.},
   eprint = {astro-ph/0311060},
 keywords = {surveys, galaxies: abundances, galaxies: evolution, galaxies: fundamental parameters, galaxies: general},
     year = 2004,
    month = jul,
   volume = 351,
    pages = {1151-1179},
      doi = {10.1111/j.1365-2966.2004.07881.x},
   adsurl = {http://adsabs.harvard.edu/abs/2004MNRAS.351.1151B},
  adsnote = {Provided by the SAO/NASA Astrophysics Data System}
}
@ARTICLE{2007ApJS..172....1S,
   author = {{Scoville}, N. and {Aussel}, H. and {Brusa}, M. and {Capak}, P. and 
	{Carollo}, C.~M. and {Elvis}, M. and {Giavalisco}, M. and {Guzzo}, L. and 
	{Hasinger}, G. and {Impey}, C. and {Kneib}, J.-P. and {LeFevre}, O. and 
	{Lilly}, S.~J. and {Mobasher}, B. and {Renzini}, A. and {Rich}, R.~M. and 
	{Sanders}, D.~B. and {Schinnerer}, E. and {Schminovich}, D. and 
	{Shopbell}, P. and {Taniguchi}, Y. and {Tyson}, N.~D.},
    title = "{The Cosmic Evolution Survey (COSMOS): Overview}",
  journal = { Astrophys. J., Suppl. Ser.},
   eprint = {astro-ph/0612305},
 keywords = {Cosmology: Observations, Cosmology: Dark Matter, Galaxies: Evolution, Galaxies: Formation, Cosmology: Large-Scale Structure of Universe, Surveys},
     year = 2007,
    month = sep,
   volume = 172,
    pages = {1-8},
      doi = {10.1086/516585},
   adsurl = {http://adsabs.harvard.edu/abs/2007ApJS..172....1S},
  adsnote = {Provided by the SAO/NASA Astrophysics Data System}
}

@ARTICLE{2007ApJ...660L...1D,
   author = {{Davis}, M. and {Guhathakurta}, P. and {Konidaris}, N.~P. and 
	{Newman}, J.~A. and {Ashby}, M.~L.~N. and {Biggs}, A.~D. and 
	{Barmby}, P. and {Bundy}, K. and {Chapman}, S.~C. and {Coil}, A.~L. and 
	{Conselice}, C.~J. and {Cooper}, M.~C. and {Croton}, D.~J. and 
	{Eisenhardt}, P.~R.~M. and {Ellis}, R.~S. and {Faber}, S.~M. and 
	{Fang}, T. and {Fazio}, G.~G. and {Georgakakis}, A. and {Gerke}, B.~F. and 
	{Goss}, W.~M. and {Gwyn}, S. and {Harker}, J. and {Hopkins}, A.~M. and 
	{Huang}, J.-S. and {Ivison}, R.~J. and {Kassin}, S.~A. and {Kirby}, E.~N. and 
	{Koekemoer}, A.~M. and {Koo}, D.~C. and {Laird}, E.~S. and {Le Floc'h}, E. and 
	{Lin}, L. and {Lotz}, J.~M. and {Marshall}, P.~J. and {Martin}, D.~C. and 
	{Metevier}, A.~J. and {Moustakas}, L.~A. and {Nandra}, K. and 
	{Noeske}, K.~G. and {Papovich}, C. and {Phillips}, A.~C. and 
	{Rich}, R.~M. and {Rieke}, G.~H. and {Rigopoulou}, D. and {Salim}, S. and 
	{Schiminovich}, D. and {Simard}, L. and {Smail}, I. and {Small}, T.~A. and 
	{Weiner}, B.~J. and {Willmer}, C.~N.~A. and {Willner}, S.~P. and 
	{Wilson}, G. and {Wright}, E.~L. and {Yan}, R.},
    title = "{The All-Wavelength Extended Groth Strip International Survey (AEGIS) Data Sets}",
  journal = {Astrophys. J., Lett.},

   eprint = {astro-ph/0607355},
 keywords = {Galaxies: Photometry, Infrared: Galaxies, Radio Continuum: Galaxies, Surveys, Ultraviolet: Galaxies, X-Rays: Galaxies},
     year = 2007,
    month = may,
   volume = 660,
    pages = {L1-L6},
      doi = {10.1086/517931},
   adsurl = {http://adsabs.harvard.edu/abs/2007ApJ...660L...1D},
  adsnote = {Provided by the SAO/NASA Astrophysics Data System}
}

@ARTICLE{2013MNRAS.430..330H,
   author = {{H{\"a}u{\ss}ler}, B. and {Bamford}, S.~P. and {Vika}, M. and 
	{Rojas}, A.~L. and {Barden}, M. and {Kelvin}, L.~S. and {Alpaslan}, M. and 
	{Robotham}, A.~S.~G. and {Driver}, S.~P. and {Baldry}, I.~K. and 
	{Brough}, S. and {Hopkins}, A.~M. and {Liske}, J. and {Nichol}, R.~C. and 
	{Popescu}, C.~C. and {Tuffs}, R.~J.},
    title = "{MegaMorph - multiwavelength measurement of galaxy structure: complete S{\'e}rsic profile information from modern surveys}",
  journal = {Mon. Not. R. Astron. Soc.},
archivePrefix = "arXiv",
   eprint = {1212.3332},
 primaryClass = "astro-ph.CO",
 keywords = {methods: data analysis, techniques: image processing, galaxies: fundamental parameters, galaxies: structure},
     year = 2013,
    month = mar,
   volume = 430,
    pages = {330-369},
      doi = {10.1093/mnras/sts633},
   adsurl = {http://adsabs.harvard.edu/abs/2013MNRAS.430..330H},
  adsnote = {Provided by the SAO/NASA Astrophysics Data System}
}


